@inproceedings{EGMR15,
  author    = {M. Emmi and
               P. Ganty and
               R. Majumdar and
               F. Rosa{-}Velardo},
  title     = {Analysis of Asynchronous Programs with Event-Based Synchronization},
  booktitle = {ESOP 2015},
  pages     = {535--559},
  year      = {2015}
}

@article{EGM16,
  author    = {J. Esparza and
               P. Ganty and
               R. Majumdar},
  title     = {Parameterized Verification of Asynchronous Shared-Memory Systems},
  journal   = {J. {ACM}},
  volume    = {63},
  number    = {1},
  pages     = {10:1--10:48},
  year      = {2016}
}


@article{DEGM17,
  author    = {A. Durand{-}Gasselin and
               J. Esparza and
               P. Ganty and
               R. Majumdar},
  title     = {Model checking parameterized asynchronous shared-memory systems},
  journal   = {Formal Methods in System Design},
  volume    = {50},
  number    = {2-3},
  pages     = {140--167},
  year      = {2017}
}

@article{GM12,
  author    = {P. Ganty and
               R. Majumdar},
  title     = {Algorithmic verification of asynchronous programs},
  journal   = {{ACM} Trans. Program. Lang. Syst.},
  volume    = {34},
  number    = {1},
  pages     = {6:1--6:48},
  year      = {2012}
}

@inproceedings{GM09,
  author    = {P. Ganty and
               R. Majumdar},
  title     = {Analyzing Real-Time Event-Driven Programs},
  booktitle = {FORMATS 2009},
  pages     = {164--178},
  year      = {2009}
}

@inproceedings{GMR09,
  author    = {P. Ganty and
               R. Majumdar and
               A. Rybalchenko},
  title     = {Verifying liveness for asynchronous programs},
  booktitle = {POPL 2009},
  pages     = {102--113},
  year      = {2009}
}

@article{GHR15,
  author    = {G. Geeraerts and
               A. Heu{\ss}ner and
               J.-F. Raskin},
  title     = {On the Verification of Concurrent, Asynchronous Programs with Waiting
               Queues},
  journal   = {{ACM} Trans. Embedded Comput. Syst.},
  volume    = {14},
  number    = {3},
  pages     = {58:1--58:26},
  year      = {2015}
}

@inproceedings{CV07,
  author    = {R. Chadha and
               M. Viswanathan},
  title     = {Decidability Results for Well-Structured Transition Systems with Auxiliary
               Storage},
  booktitle = {{CONCUR} 2007},
  pages     = {136--150},
  year      = {2007}
}

@inproceedings{SV06,
  author    = {K. Sen and
               M. Viswanathan},
  title     = {Model Checking Multithreaded Programs with Asynchronous Atomic Methods},
  booktitle = {CAV 2006},
  pages     = {300--314},
  year      = {2006}
}


@inproceedings{PSR15,
  author    = {D. Park and
               A. Stefanescu and
               G. Rosu},
  title     = {{KJS:} a complete formal semantics of JavaScript},
  booktitle = {PLDI 2015},
  pages     = {346--356},
  year      = {2015}
	}




@misc{NodeDoc,
author={\url{https://nodejs.org/en/docs/}}
}

@misc{NodeDocELT,
author={\url{https://nodejs.org/en/docs/guides/event-loop-timers-and-nexttick/}}
}

@misc{Prolog,
author={\url{http://www.disi.unige.it/person/DelzannoG/NODE/}}
}

@misc{d1,author={\url{http://stackoverflow.com/questions/15349733/setimmediate-vs-nexttick}}}

@misc{d2,author={\url{https://howtonode.org/understanding-process-next-tick}}}

@misc{d3,author={\url{https://www.quora.com/}}}

@article{ASOP16,
  author    = {S. Alimadadi and
               S. Sequeira and
               A. Mesbah and
               K. Pattabiraman},
  title     = {Understanding JavaScript Event-Based Interactions with Clematis},
  journal   = {{ACM} Trans. Softw. Eng. Methodol.},
  volume    = {25},
  number    = {2},
  pages     = {12:1--12:38},
  year      = {2016}
}


@inproceedings{GMB15,
  author    = {K. Gallaba and
               A. Mesbah and
               I. Beschastnikh},
  title     = {Don't Call Us, We'll Call You: Characterizing Callbacks in Javascript},
  booktitle = {2015 {ACM/IEEE} International Symposium on Empirical Software Engineering
               and Measurement, {ESEM} 2015, Beijing, China, October 22-23, 2015},
  pages     = {247--256},
  year      = {2015}
}


